@manual{R13,
	Address = {Vienna, Austria},
	Author = {{\proglang{R} Development Core Team}},
	Title = {\proglang{R}: A Language and Environment for Statistical Computing},
	Url = {http://www.R-project.org/},
	Year = {2013}}

@article{hyndmanfan96,
	Author = {R.J. Hyndman and Y. Fan},
	Date-Modified = {2013-05-15 16:18:15 +0200},
	Journal = {The American Statistician},
	Pages = {361-365},
	Title = {{Sample Quantiles in Statistical Packages}},
	Volume = {50},
	Year = {1996}}

@book{casellaberger02,
	Author = {G. Casella and R.L. Berger},
	Date-Modified = {2013-05-15 16:09:07 +0200},
	Edition = {2nd},
	Publisher = {Duxbury Thomson Learning},
	Title = {Statistical Inference},
	Year = {2002}}

@book{efrontibshirani94,
	Author = {B. Efron and R.J. Tibshirani},
	Date-Added = {2013-03-25 08:56:42 +0100},
	Date-Modified = {2013-05-15 16:10:02 +0200},
	Edition = {1st},
	Publisher = {Chapman \& Hall},
	Title = {An Introduction to the Bootstrap},
	Year = {1994}}

@article{kefford07,
	Author = {B.J. Kefford and E.J. Fields and C. Clay and D. Nugegoda},
	Date-Added = {2013-03-06 21:41:48 +0100},
	Date-Modified = {2013-05-15 16:20:52 +0200},
	Journal = {Marine and Freshwater Research},
	Pages = {1019-1031},
	Title = {{Salinity Tolerance of Riverine Macroinvertebrates from the Southern Murray-Darling Basin}},
	Volume = {58},
	Year = {2007}}

@book{helsel05,
	Author = {D.R. Helsel},
	Date-Added = {2013-03-11 16:55:34 +0100},
	Date-Modified = {2013-03-11 16:55:34 +0100},
	Edition = {1st},
	Publisher = {John Wiley \& Sons},
	Title = {Nondetects and Data Analysis: Statistics for Censored Environmental Data},
	Year = {2005}}

@book{kleinmoeschberger03,
	Author = {J.P. Klein and M.L. Moeschberger},
	Date-Added = {2013-03-06 21:37:34 +0100},
	Date-Modified = {2013-03-06 21:38:47 +0100},
	Edition = {2nd},
	Publisher = {Springer-Verlag},
	Title = {Survival Analysis: Techniques for Censored and Truncated Data},
	Year = {2003}}

@article{jordan05,
	Author = {D. Jordan},
	Date-Added = {2013-03-06 18:21:50 +0100},
	Date-Modified = {2013-05-15 16:20:35 +0200},
	Journal = {Preventive Veterinary Medicine},
	Number = {1-2},
	Pages = {59-73},
	Title = {Simulating the Sensitivity of Pooled-sample Herd Tests for Fecal Salmonella in Cattle},
	Volume = {70},
	Year = {2005}}

@article{hiranoetal94,
	Author = {S.S. Hirano and M.K. Clayton and C.D. Upper},
	Date-Added = {2013-03-06 18:15:38 +0100},
	Date-Modified = {2013-05-15 16:18:01 +0200},
	Journal = {Phytopathology},
	Number = {9},
	Pages = {934-940},
	Title = {{Estimation of and Temporal Changes in Means and Variances of Populations of \emph{Pseudomonas syringae} on Snap Bean Leaflets}},
	Volume = {84},
	Year = {1994}}

@manual{actuar12,
	Author = {Goulet, V.},
	Date-Added = {2012-11-07 17:28:38 +0100},
	Date-Modified = {2013-05-15 16:44:30 +0200},
	Note = {\proglang{R}~package version~1.1-5},
	Title = {\pkg{actuar}: An \proglang{R} Package for Actuarial Science},
	Url = {http://CRAN.R-project.org/package=actuar},
	Year = 2012,
	Bdsk-Url-1 = {http://www.actuar-project.org}}

@article{mcneil97,
	Author = {A.J. McNeil},
	Date-Added = {2012-11-02 18:47:05 +0100},
	Date-Modified = {2013-05-15 16:18:38 +0200},
	Journal = {ASTIN Bulletin},
	Number = {1},
	Pages = {117-137},
	Title = {Estimating the Tails of Loss Severity Distributions Using Extreme Value Theory},
	Volume = {27},
	Year = {1997}}

@article{distrModJSS,
	Author = {M. Kohl and P. Ruckdeschel},
	Date-Added = {2012-10-18 18:41:33 +0200},
	Date-Modified = {2012-10-18 18:42:23 +0200},
	Journal = {Journal of Statistical Software},
	Number = {10},
	Pages = {1-27},
	Title = {{\proglang{R} Package \pkg{distrMod}: S4 Classes and Methods for Probability Models}},
	Volume = {35},
	Year = {2010}}

@article{actuarJSS,
	Author = {C. Dutang and V. Goulet and M. Pigeon},
	Date-Added = {2012-10-18 18:32:43 +0200},
	Date-Modified = {2012-10-18 18:35:33 +0200},
	Journal = {Journal of Statistical Software},
	Number = {7},
	Pages = {1-37},
	Title = {{\pkg{actuar}: an \proglang{R} Package for Actuarial Science}},
	Volume = {25},
	Year = {2008}}

@book{Cullen99,
	Author = {Cullen, A.C. and Frey, H.C.},
	Date-Modified = {2013-05-15 16:09:40 +0200},
	Edition = {1st},
	Language = {english},
	Publisher = {Plenum Publishing Co.},
	Title = {Probabilistic Techniques in Exposure Assessment},
	Year = 1999}

@book{Vose10,
	Author = {Vose, D.},
	Date-Modified = {2013-05-15 16:07:47 +0200},
	Edition = {1st},
	Language = {english},
	Publisher = {John Wiley \& Sons},
	Title = {Quantitative Risk Analysis. A Guide to Monte Carlo Simulation Modelling},
	Year = {2010}}

@book{Klugmanetal09,
	Author = {Klugman, S.A. and Panjer, H.H. and Willmot, G.E.},
	Date-Modified = {2013-05-15 16:08:27 +0200},
	Edition = {3rd},
	Language = {english},
	Publisher = {John Wiley \& Sons},
	Title = {Loss Models: from Data to Decisions},
	Year = {2009}}

@book{Stephens86,
	Author = {D'Agostino, R.B. and Stephens, M.A.},
	Date-Modified = {2013-05-15 16:10:10 +0200},
	Edition = {1st},
	Language = {english},
	Publisher = {Dekker},
	Title = {Goodness-of-Fit Techniques},
	Year = {1986}}

@book{MASS,
	Author = {Venables, W. N. and Ripley, B. D.},
	Edition = {4th},
	Language = {english},
	Publisher = {Springer-Verlag},
	Title = {Modern Applied Statistics with {S}},
	Year = 2010}

@book{Blom,
	Asin = {B002LBF3JO},
	Author = {Blom, G.},
	Date-Modified = {2013-05-15 16:10:43 +0200},
	Edition = {1st},
	Language = {english},
	Publisher = {John Wiley \& Sons},
	Title = {Statistical Estimates and Transformed Beta Variables},
	Year = 1959}

@article{Luceno06,
	Author = {Luceno, A.},
	Date-Modified = {2013-05-15 16:39:08 +0200},
	Journal = {{Computational Statistics and Data Analysis}},
	Month = {{NOV 15}},
	Number = {{2}},
	Pages = {{904-917}},
	Title = {{Fitting the Generalized Pareto Distribution to Data Using Maximum Goodness-of-fit Estimators}},
	Volume = {{51}},
	Year = {{2006}}}

@manual{survival,
	Author = {Therneau, T.},
	Date-Modified = {2013-05-15 16:40:53 +0200},
	Note = {\proglang{R}~package version~2.36-9},
	Title = {\pkg{survival}: Survival Analysis, Including Penalized Likelihood},
	Url = {http://CRAN.R-project.org/package=survival},
	Year = {2011},
	Bdsk-Url-1 = {http://cran.r-project.org/web/packages/survival/}}

@manual{fitdistrplus,
	Author = {Delignette-Muller, M.L. and Pouillot, R. and Denis, J.B. and Dutang, C.},
	Date-Modified = {2014-07-15 16:44:56 +0200},
	Note = {R package version 1.0-2},
	Title = {\pkg{fitdistrplus}: Help to Fit of a Parametric Distribution to Non-Censored or Censored Data},
	Url = {http://CRAN.R-project.org/package=fitdistrplus},
	Year = {2014},
	Bdsk-Url-1 = {http://cran.r-project.org/web/packages/fitdistrplus/}}

@manual{mc2d,
	Author = {Pouillot, R. and Delignette-Muller, M.L. and Denis, J.B.},
	Date-Modified = {2013-05-15 16:41:18 +0200},
	Note = {R package version 0.1-12},
	Title = {\pkg{mc2d}: Tools for Two-Dimensional Monte-Carlo Simulations},
	Url = {http://CRAN.R-project.org/package=mc2d},
	Year = {2011},
	Bdsk-Url-1 = {http://cran.r-project.org/web/packages/mc2d/}}

@unpublished{Ricci05,
	Author = {Ricci, V.},
	Date-Modified = {2013-05-15 16:48:58 +0200},
	Language = {english},
	Note = {Contributed Documentation available on CRAN},
	Title = {Fitting Distributions with \proglang{R}},
	Url = {http://CRAN.R-project.org/doc/contrib/Ricci-distributions-en.pdf},
	Year = {2005},
	Bdsk-Url-1 = {http://cran.r-project.org/doc/contrib/Ricci-distributions-en.pdf}}

@article{Pouillot10,
	Author = {Pouillot, R. and Delignette-Muller, M.L.},
	Date-Modified = {2012-11-02 19:01:40 +0100},
	Journal = {{International Journal of Food Microbiology}},
	Month = {{SEP 1}},
	Number = {{3}},
	Pages = {{330-340}},
	Title = {{Evaluating Variability and Uncertainty Separately in Microbial Quantitative Risk Assessment using two R Packages}},
	Unique-Id = {{ISI:000281981700007}},
	Volume = {{142}},
	Year = {{2010}},
	Bdsk-Url-1 = {http://dx.doi.org/10.1016/j.ijfoodmicro.2010.07.011},
	Bdsk-Url-2 = {http://dx.doi.org/10.1016/j.ijfoodmicro.2010.07.011}}

@article{Delignette08,
	Author = {Delignette-Muller, M. L. and Cornu, M. and AFSSA-STEC-Study-Group},
	Date-Modified = {2012-11-02 19:01:25 +0100},
	Journal = {{International Journal of Food Microbiology}},
	Month = {{NOV 30}},
	Number = {{1, SI}},
	Pages = {{158-164}},
	Title = {{Quantitative Risk Assessment for \emph{Escherichia coli} O157:H7 in Frozen Ground Beef Patties Consumed by Young Children in French Households}},
	Unique-Id = {{ISI:000261280700022}},
	Volume = {{128}},
	Year = {{2008}},
	Bdsk-Url-1 = {http://dx.doi.org/10.1016/j.ijfoodmicro.2008.05.040},
	Bdsk-Url-2 = {http://dx.doi.org/10.1016/j.ijfoodmicro.2008.05.040}}

@article{Busschaert10,
	Author = {Busschaert, P. and Geeraerd, A. H. and Uyttendaele, M. and Van Impe, J. F.},
	Date-Modified = {2012-11-02 19:01:35 +0100},
	Doi = {{10.1016/j.ijfoodmicro.2010.01.025}},
	Issn = {{0168-1605}},
	Journal = {{International Journal of Food Microbiology}},
	Month = {{APR 15}},
	Number = {{3}},
	Pages = {{260-269}},
	Title = {{Estimating Distributions out of Qualitative and (Semi)Quantitative Microbiological Contamination Data for Use in Risk Assessment}},
	Unique-Id = {{ISI:000276819700010}},
	Volume = {{138}},
	Year = {{2010}},
	Bdsk-Url-1 = {http://dx.doi.org/10.1016/j.ijfoodmicro.2010.01.025},
	Bdsk-Url-2 = {http://dx.doi.org/10.1016/j.ijfoodmicro.2010.01.025}}

@article{Hose04,
	Author = {Hose, G.C. and Van den Brink, P.J.},
	Date-Modified = {2013-03-06 21:55:00 +0100},
	Journal = {{Archives of Environmental Contamination and Toxicology}},
	Month = {{OCT}},
	Number = {{4}},
	Pages = {{511-520}},
	Title = {{Confirming the Species-Sensitivity Distribution Concept for Endosulfan Using Laboratory, Mesocosm, and Field Data}},
	Unique-Id = {{ISI:000224753800011}},
	Volume = {{47}},
	Year = {{2004}},
	Bdsk-Url-1 = {http://dx.doi.org/10.1007/s00244-003-3212-5},
	Bdsk-Url-2 = {http://dx.doi.org/10.1007/s00244-003-3212-5}}

@article{Fromont01,
	Author = {Fromont, E and Morvilliers, L and Artois, M and Pontier, D},
	Date-Modified = {2012-11-02 19:00:22 +0100},
	Journal = {{Parasitology}},
	Month = {{AUG}},
	Number = {{Part 2}},
	Pages = {{143-151}},
	Title = {{Parasite Richness and Abundance in Insular and Mainland Feral Cats: Insularity or Density?}},
	Unique-Id = {{ISI:000170390500004}},
	Volume = {{123}},
	Year = {{2001}},
	Bdsk-Url-1 = {http://dx.doi.org/10.1017/S0031182001008277},
	Bdsk-Url-2 = {http://dx.doi.org/10.1017/S0031182001008277}}

@article{Turnbull74,
	Author = {Turnbull, B.W.},
	Date-Modified = {2013-03-06 21:55:28 +0100},
	Journal = {{Journal of the American Statistical Association}},
	Number = {{345}},
	Pages = {{169-173}},
	Title = {{Nonparametric Estimation of a Survivorship Function with Doubly Censored Data}},
	Unique-Id = {{ISI:A1974S755300025}},
	Volume = {{69}},
	Year = {{1974}},
	Bdsk-Url-1 = {http://dx.doi.org/10.2307/2285518},
	Bdsk-Url-2 = {http://dx.doi.org/10.2307/2285518}}
	
@article{Wang2007,
  title={On fast computation of the non-parametric maximum likelihood estimate of a mixing distribution},
  author={Wang, Yong},
  journal={Journal of the Royal Statistical Society: Series B (Statistical Methodology)},
  volume={69},
  number={2},
  pages={185--198},
  year={2007},
  publisher={Wiley Online Library}
}

@article{Wang2008,
  title={Dimension-reduced nonparametric maximum likelihood computation for interval-censored data},
  author={Wang, Yong},
  journal={Computational Statistics \& Data Analysis},
  volume={52},
  number={5},
  pages={2388--2402},
  year={2008},
  publisher={Elsevier}
}

@article{Wang2013,
  title={Efficient computation of nonparametric survival functions via a hierarchical mixture formulation},
  author={Wang, Yong and Taylor, Stephen M},
  journal={Statistics and Computing},
  volume={23},
  number={6},
  pages={713--725},
  year={2013},
  publisher={Springer}
}

@article{Wang2018,
  title={Nonparametric maximum likelihood computation of a U-shaped hazard function},
  author={Wang, Yong and Fani, Shabnam},
  journal={Statistics and Computing},
  volume={28},
  number={1},
  pages={187--200},
  year={2018},
  publisher={Springer}
}

@book{Posthuma2010,
	Author = {Posthuma, L. and Suter, G.W. and Traas, T.P.},
	Publisher = {Taylor \& Francis},
	Series = {Environmental and Ecological Risk Assessment Series},
	Title = {Species Sensitivity Distributions in Ecotoxicology},
	Year = {2010}}

@book{Tse2009,
	Author = {Tse, Y.K.},
	Date-Modified = {2013-05-15 16:08:20 +0200},
	Edition = {1st},
	Lccn = {2009520513},
	Publisher = {Cambridge University Press},
	Series = {International Series on Actuarial Science},
	Title = {Nonlife Actuarial Models: Theory, Methods and Evaluation},
	Year = {2009}}

%%%%%%%%%%%%%%%%%%%%%%%%%% papers citing fitdistrplus %%%%%%%%%%%%%%%%%%%%
@article{Wu2:2013,
  Author = {Xing Zheng Wu},
	Date-Added = {2014-02-04 12:23:42 +0100},
	Date-Modified = {2014-02-04 12:24:29 +0100},
	Journal = {Soils and Foundations},
	Number = {4},
	Pages = {540 - 556},
	Title = {Trivariate Analysis of Soil Ranking-Correlated Characteristics and its Application to Probabilistic Stability Assessments in Geotechnical Engineering Problems},
	Volume = {53},
	Year = {2013},
	Bdsk-Url-1 = {http://www.sciencedirect.com/science/article/pii/S003808061300070X},
	Bdsk-Url-2 = {http://dx.doi.org/10.1016/j.sandf.2013.06.006}}

@mastersthesis{lebaut13,
	Author = {J. Le Baut},
	Date-Added = {2014-02-04 12:15:16 +0100},
	Date-Modified = {2014-02-04 12:19:59 +0100},
	School = {Institut Universitaire Europ\'een de la mer, Universit\'e de Brest},
	Title = {Evaluation d'un stock de poissons pour lequel les donn\'ees sont d\'eficientes : Application au stock de sardine (Sardina pilchardus) du golfe de Gascogne, de Manche et de mer Celtique},
	Year = {2013}}

@article{Zhang2013,
	Author = {Yu Zhang and Emad Habib and Robert J. Kuligowski and Dongsoo Kim},
	Date-Added = {2014-02-04 12:12:17 +0100},
	Date-Modified = {2014-02-04 12:12:35 +0100},
	Journal = {Advances in Water Resources},
	Pages = {133 - 145},
	Title = {Joint Distribution of Multiplicative Errors in Radar and Satellite \{QPEs\} and its Use in Estimating the Conditional Exceedance Probability},
	Volume = {59},
	Year = {2013},
	Bdsk-Url-1 = {http://www.sciencedirect.com/science/article/pii/S030917081300105X},
	Bdsk-Url-2 = {http://dx.doi.org/10.1016/j.advwatres.2013.06.004}}

@article{Rigaux2014,
	Author = {Cl{\'e}mence Rigaux and St{\'e}phane Andr{\'e} and Isabelle Albert and Fr{\'e}d{\'e}ric Carlin},
	Date-Added = {2014-02-04 12:10:00 +0100},
	Date-Modified = {2014-02-04 12:10:13 +0100},
	Journal = {International Journal of Food Microbiology},
	Pages = {119 - 128},
	Title = {Quantitative Assessment of the Risk of Microbial Spoilage in Foods. Prediction of Non-Stability at 55$\,^{\circ}$C Caused by \emph{Geobacillus stearothermophilus} in Canned Green Beans},
	Volume = {171},
	Year = {2014},
	Bdsk-Url-1 = {http://www.sciencedirect.com/science/article/pii/S0168160513005357},
	Bdsk-Url-2 = {http://dx.doi.org/10.1016/j.ijfoodmicro.2013.11.014}}

@article{eiketal13,
	Author = {M. Eik and K. Luhmus and M. Tigasson and M. Listak and J. Puttonen and H. Herrmann},
	Date-Added = {2014-02-04 12:06:14 +0100},
	Date-Modified = {2014-02-04 12:07:44 +0100},
	Journal = {Journal of Materials Science},
	Number = {10},
	Pages = {3745-3759},
	Title = {{DC-Conductivity Testing Combined with Photometry for Measuring Fibre Orientations in SFRC}},
	Volume = {48},
	Year = {2013}}

@mastersthesis{gustafssonetal13,
	Author = {A. Gustafsson and K. Fagerstroem},
	Date-Added = {2014-02-04 12:00:47 +0100},
	Date-Modified = {2014-02-04 12:02:27 +0100},
	School = {Faculty of Engineering, Lund University},
	Title = {Modelling Risk in Forest Insurance: Extreme Value and Frequency Analysis of Insurance Claims Due to Storm Damaged Forest},
	Year = {2013}}

@article{tikoleetal13,
	Author = {S. Tikole and V. Jaravine and V. Yu Orekhov and P. Guentert},
	Date-Added = {2014-02-04 11:57:02 +0100},
	Date-Modified = {2014-02-04 11:58:27 +0100},
	Journal = {PloS one},
	Title = {{Effects of NMR spectral resolution on protein structure calculation}},
  Volume = {8},
  Number = {7},
  Pages = {e68567},
	Year = {2013}}

@unpublished{mukhopadhyay13,
	Author = {S. Mukhopadhyay},
	Date-Added = {2014-02-04 11:54:02 +0100},
	Date-Modified = {2014-02-04 11:55:14 +0100},
	Note = {arXiv},
	Title = {{CDfdr: A comparison density approach to local false discovery rate}},
	Year = {2013}}

@mastersthesis{feng13,
	Author = {Z. Feng},
	Date-Added = {2014-02-04 11:52:24 +0100},
	Date-Modified = {2014-02-04 11:53:07 +0100},
	School = {Norwegian University of Science and Technology},
	Title = {Markov process applied to degradation modelling: different modelling alternatives and their properties},
	Year = {2013}}

@phdthesis{duarte13,
	Author = {A.S. Ribeiro Duarte},
	Date-Added = {2014-02-04 11:49:31 +0100},
	Date-Modified = {2014-02-04 11:50:31 +0100},
	School = {Technical University of Denmark and National Food Institute},
	Title = {The interpretation of quantitative microbial data: meeting the demands of quantitative microbiological risk assessment},
	Year = {2013}}

@article{fiorellietal13,
	Author = {L.E. Fiorelli and M.D. Ezcurra and E.M. Hechenleitner and E. Arga\~{n}araz and R. Jeremias and A. Taborda and M.J. Trotteyn and M. Bel\'en von Baczko and J.B. Desojo},
	Date-Added = {2014-02-04 11:45:15 +0100},
	Date-Modified = {2014-02-04 11:47:47 +0100},
	Journal = {Scientific Reports},
	Title = {{The Oldest Known Communal Latrines Provide Evidence of Gregarism in Triassic Megaherbivores}},
	Volume = {3},
  Number = {3348},
  Pages = {1-7},
	Year = {2013}}

@article{vaninsky13,
	Author = {A.Y. Vaninsky},
	Date-Added = {2014-02-04 11:40:36 +0100},
	Date-Modified = {2014-02-04 11:41:26 +0100},
	Journal = {American Journal of Applied Mathematics and Statistics},
	Number = {4},
	Pages = {57-63},
	Title = {{Stochastic DEA with a Perfect Object and Its Application to Analysis of Environmental Efficiency}},
	Volume = {1},
	Year = {2013}}

@article{staggeetal13,
	Author = {Stagge, J. H. and Moglen, G. E.},
	Date-Added = {2014-02-04 11:36:49 +0100},
	Date-Modified = {2014-02-04 11:37:27 +0100},
	Journal = {Water Resources Research},
	Number = {10},
	Pages = {6179-6193},
	Title = {A Nonparametric Stochastic Method for Generating Daily Climate-Adjusted Streamflows},
	Volume = {49},
	Year = {2013},
	Bdsk-Url-1 = {http://dx.doi.org/10.1002/wrcr.20448}}

@article{wu13,
	Author = {Xing Zheng Wu},
	Date-Added = {2014-02-03 21:54:24 +0100},
	Date-Modified = {2014-02-03 21:55:15 +0100},
	Journal = {Computational Geosciences},
	Number = {5},
	Pages = {739-755},
	Title = {Probabilistic Slope Stability Analysis by a Copula-Based Sampling Method},
	Volume = {17},
	Year = {2013}}

@article{vianaetal13,
	Author = {Viana, D. S. and Santamar\'a, L. and Michot, T. C. and Figuerola, J.},
	Date-Added = {2014-02-03 21:49:39 +0100},
	Date-Modified = {2014-02-03 21:50:54 +0100},
	Journal = {The American Naturalist},
	Number = {5},
	Pages = {649-662},
	Title = {Allometric Scaling of Long-Distance Seed Dispersal by Migratory Birds},
	Volume = {181},
	Year = {2013}}

@article{wayland13,
	Author = {M.T. Wayland},
	Date-Added = {2014-02-03 21:46:13 +0100},
	Date-Modified = {2014-02-03 21:47:06 +0100},
	Journal = {Biodiversity Data Journal},
	Title = {{Morphological Variation in \emph{Echinorhynchus truttae} Schrank, 1788 and the \emph{Echinorhynchus bothniensis} Zdzitowiecki \& Valtonen, 1987 species complex from freshwater fishes of northern Europe}},
  Volume = {1},
  Pages = {e975},
	Year = {2013}}

@article{westphalfitch13,
	Author = {Westphal-Fitch, G. and Fitch, W. T.},
	Date-Added = {2014-02-03 21:42:15 +0100},
	Date-Modified = {2014-02-03 21:43:23 +0100},
	Journal = {PloS one},
	Number = {9},
	Title = {Spatial Analysis of ``Crazy Quilts'', a Class of Potentially Random Aesthetic Artefacts},
	Volume = {8},
  Pages = {e74055},
	Year = {2013}}

@article{larrasetal13,
	Author = {Floriane Larras and Bernard Montuelle and Agn\`es Bouchez},
	Date-Added = {2014-02-03 21:34:58 +0100},
	Date-Modified = {2014-02-03 21:36:20 +0100},
	Journal = {Science of The Total Environment},
	Pages = {469-477},
	Title = {{Assessment of Toxicity Thresholds in Aquatic Environments: Does Benthic Growth of Diatoms Affect their Exposure and Sensitivity to Herbicides?}},
	Volume = {463-464},
	Year = {2013}}

@article{Daelmanetal13,
	Author = {Jeff Daelman and Jeanne-Marie Membr\'e and Liesbeth Jacxsens and An Vermeulen and Frank Devlieghere and Mieke Uyttendaele},
	Date-Added = {2014-02-03 21:23:53 +0100},
	Date-Modified = {2014-02-03 21:29:36 +0100},
	Journal = {International Journal of Food Microbiology},
	Number = {3},
	Pages = {433-449},
	Title = {A Quantitative Microbiological Exposure Assessment Model for \emph{Bacillus cereus} in REPFEDs},
	Volume = {166},
	Year = {2013}}

@article{voigtetal14,
	Author = {Christian C. Voigt and Linn S. Lehnert and Ana G. Popa-Lisseanu and Mateusz Ciechanowski and P\'eter Est\'ok and Florian Gloza-Rausch and Tam\'as Goerfoel and Matthias Goettsche and Carsten Harrje and Meike Hoetzel and Tobias Teige and Reiner Wohlgemuth and Stephanie Kramer-Schadt},
	Date-Added = {2014-02-03 21:07:48 +0100},
	Date-Modified = {2014-02-03 21:21:42 +0100},
	Journal = {Biodiversity and Conservation},
  Volume = {23},
	Pages = {617-631},
	Title = {{The Trans-Boundary Importance of Artificial Bat \emph{hibernacula} in Managed European Forests}},
	Year = {2014}}

@article{Guillier2013471,
	Author = {Laurent Guillier and Corinne Danan and H\'el\`ene Bergis and Marie-Laure Delignette-Muller and Sophie Granier and Sylvie Rudelle and Annie Beaufort and Anne Brisabois},
	Date-Added = {2014-02-03 21:00:28 +0100},
	Date-Modified = {2014-02-03 21:04:18 +0100},
	Journal = {International Journal of Food Microbiology},
	Number = {3},
	Pages = {471 - 478},
	Title = {{Use of Quantitative Microbial Risk Assessment when Investigating Foodborne Illness Outbreaks: the Example of a Monophasic \emph{Salmonella Typhimurium} 4,5,12:i:- Outbreak Implicating Beef Burgers}},
	Volume = {166},
	Year = {2013}}

@article{satoetal13,
	Author = {Maria Ines Z. Sato and Ana Tereza Galvani and Jose Antonio Padula and Adelaide Cassia Nardocci and Marcelo de Souza Lauretto and Maria Tereza Pepe Razzolini and Elayse Maria Hachich},
	Date-Added = {2014-02-03 19:20:58 +0100},
	Date-Modified = {2014-02-03 19:22:42 +0100},
	Journal = {Science of The Total Environment},
	Pages = {389-396},
	Title = {{Assessing the Infection Risk of \emph{Giardia} and \emph{Cryptosporidium} in Public Drinking Water Delivered by Surface Water Systems in Sao Paulo State, Brazil}},
	Volume = {442},
	Year = {2013}}

@article{callauetal13,
	Author = {Callau Poduje, Ana Claudia and Belli, Aslan and Haberlandt, Uwe},
	Date-Added = {2014-02-03 19:19:01 +0100},
	Date-Modified = {2014-02-03 19:20:14 +0100},
  Doi = {10.1080/02626667.2013.871014},
	Journal = {Hydrological Sciences Journal},
	Title = {Dam Risk Assessment Based on Univariate versus Bivariate Statistical Approaches - a Case Study for Argentina},
	Year = {2013}}

@article{meyeretal13,
	Author = {Meyer, W. K. and Zhang, S. and Hayakawa, S. and Imai, H. and Przeworski, M.},
	Date-Added = {2014-02-03 19:15:45 +0100},
	Date-Modified = {2014-02-03 19:17:29 +0100},
	Journal = {American Journal of Physical Anthropology},
	Number = {3},
	Title = {The Convergent Evolution of Blue Iris Pigmentation in Primates Took Distinct Molecular Paths},
	Volume = {151},
  Pages = {398-407},
	Year = {2013}}

@article{prosseretal13,
	Author = {D.J. Prosser and L.L. Hungerford and R.M. Erwin and M.A. Ottinger and J.Y. Takekawa and E.C. Ellis},
	Date-Added = {2014-02-03 19:11:30 +0100},
	Date-Modified = {2014-02-03 19:12:43 +0100},
	Journal = {Frontiers in Public Health},
	Title = {Mapping Avian Influenza Transmission Risk at the Interface of Domestic Poultry and Wild Birds},
	Volume = {1},
  Number = {28},
  Pages = {1-11},
	Year = {2013}}

@article{srinivasanetal2013,
	Author = {S. Srinivasan and T.P. Sorrell and J.P. Brooks and D.J. Edwards and R. Diehl McDougle},
	Date-Added = {2014-02-03 19:08:28 +0100},
	Date-Modified = {2014-02-03 19:09:55 +0100},
	Journal = {Policing: An International Journal of Police Strategies \& Management},
	Number = {4},
	Pages = {702-718},
	Title = {{Workforce Assessment Method for an Urban Police Department: Using Analytics to Estimate Patrol Staffing}},
	Volume = {36},
	Year = {2013}}

@article{drakeetal2014,
	Author = {T. Drake and Z. Chalabi and R. Coker},
	Date-Added = {2014-02-03 19:02:50 +0100},
	Date-Modified = {2014-02-03 19:03:43 +0100},
	Journal = {Health Policy and Planning},
	Title = {{Buy Now, saved Later? The Critical Impact of Time-to-Pandemic Uncertainty on Pandemic Cost-Effectiveness Analyses}},
  Doi = {10.1093/heapol/czt101},
	Year = {2014}}

@article{contrerasetal2013,
	Author = {V. De La Huerta Contreras and H. Vaquera Huerta and B.C. Arnold},
	Date-Added = {2014-02-03 18:58:47 +0100},
	Date-Modified = {2014-02-03 19:00:41 +0100},
	Journal = {Journal of Statistical Computation and Simulation},
  Doi = {10.1080/00949655.2013.825095},
	Title = {A Test for Equality of Variance with Censored Samples},
	Year = {2013}}


@article{sosaetal2013,
	Author = {A. Samuel-Rosa and R. Simao Diniz Dalmolin and P. Miguel},
	Date-Added = {2014-02-03 18:56:07 +0100},
	Date-Modified = {2014-02-03 22:02:48 +0100},
	Journal = {Revista Brasileira de Ciencia do Solo},
  Pages = {422-430},
	Title = {Building Predictive Models of Soil Particle-Size Distribution},
	Volume = {37},
	Year = {2013}}

@article{simoetal13,
	Author = {J. Sim\'o and Francesc Casa{\~n}a and J. Sabat\'e},
	Date-Added = {2014-02-03 18:46:51 +0100},
	Date-Modified = {2014-02-03 18:49:34 +0100},
	Journal = {Statistics and Operations Research Transactions},
	Number = {1},
	Title = {{Modelling ``cal\c{c}ots'' (\emph{Alium cepa L.}) Growth by Gompertz Function}},
	Volume = {37},
  Pages = {95-106},
	Year = {2013}}

@unpublished{Kingetal2013,
	Author = {G. Kon Kam King and P. Veber and S. Charles and M.-L. Delignette-Muller},
	Date-Added = {2014-02-03 18:41:16 +0100},
	Date-Modified = {2014-02-03 18:42:28 +0100},
	Note = {preprint on arXiv},
	Title = {{MOSAIC SSD: a New Web-Tool for the Species Sensitivity Distribution, Allowing to Include Censored Data by Maximum Likelihood}},
	Year = {2013}}

@article{nadarajahbakar2013,
	Author = {S. Nadarajah and S.A.A. Bakar},
	Date-Added = {2014-02-03 18:36:31 +0100},
	Date-Modified = {2014-02-03 18:37:29 +0100},
	Journal = {R journal},
	Number = {2},
	Pages = {98-104},
	Title = {{CompLognormal: An R Package for Composite Lognormal Distributions.}},
	Volume = {5},
	Year = {2013}}

@article{mala2013publi,
	Author = {I. Mal\'a},
	Date-Added = {2014-02-03 18:33:08 +0100},
	Date-Modified = {2014-02-03 18:34:37 +0100},
	Journal = {Research Journal of Economics, Business and ICT},
	Number = {2},
	Pages = {55-61},
	Title = {The Use of Finite Mixtures of Lognormal and Gamma Distributions},
	Volume = {8},
	Year = {2013}}

@inproceedings{mala2013,
	Author = {I. Mal\'a},
	Booktitle = {The seventh International Days of Statistics and Economics},
	Date-Added = {2014-02-03 18:29:50 +0100},
	Date-Modified = {2014-02-03 18:31:12 +0100},
	Title = {Finite mixtures of lognormal and gamma distributions},
	Year = {2013}}

@mastersthesis{rebuge12,
	Author = {A.J.d.S. Rebuge},
	Date-Added = {2013-02-10 12:02:10 +0100},
	Date-Modified = {2013-05-15 16:32:28 +0200},
	School = {Universidade Tecnica de Lisboa},
	Title = {Business Process Analysis in Healthcare Environments},
	Year = {2012}}

@mastersthesis{nordan12,
	Author = {R.P.V. Nordan},
	Date-Added = {2013-02-10 11:55:59 +0100},
	Date-Modified = {2013-05-15 16:32:52 +0200},
	School = {Norwegian University of Science and Technology},
	Title = {An Investigation of Potential Methods for Topology Preservation in Interactive Vector Tile Map Applications},
	Year = {2012}}

@article{mandletal13,
	Author = {J.N. Mandl and J.P. Monteiro and N. Vrisekoop and R.N. Germain},
	Date-Added = {2013-02-10 11:48:03 +0100},
	Date-Modified = {2013-05-15 16:31:29 +0200},
	Journal = {Immunity},
	Number = {{2}},
	Pages = {{263-274}},
	Title = {{T Cell-Positive Selection Uses Self-Ligand Binding Strength to Optimize Repertoire Recognition of Foreign Antigens}},
	Volume = {{38}},
	Year = {2013}}

@phdthesis{bakos11,
	Author = {R.O. Bakos},
	Date-Added = {2013-02-10 11:42:32 +0100},
	Date-Modified = {2013-05-15 16:34:11 +0200},
	School = {Hungarian Veterinary Archive},
	Title = {Poszm\'eh Egy\"uttesek \"Osszehasonl\'it\'o Vizsg\'alata a Cser\'epfalusi f\'as Legel\'o k\"l\"onb\"oz\'o n\"ov\'enybor\'it\'as\'u ter\"uletein},
	Year = {2011}}

@mastersthesis{poduje12,
	Author = {A.C. Callau Poduje},
	Date-Added = {2013-02-10 11:34:40 +0100},
	Date-Modified = {2013-05-15 16:33:15 +0200},
	School = {Leibniz Universitat Hannover},
	Title = {{Bivariate Analysis and Synthesis of Flood Events for the Design of Hydraulic Structures -- a Case Study for Argentina}},
	Year = {2012}}

@mastersthesis{garcia12,
	Author = {P. Garcia},
	Date-Added = {2013-02-10 11:29:03 +0100},
	Date-Modified = {2013-05-15 16:33:24 +0200},
	School = {Universit\'e de Strasbourg},
	Title = {{Analyse Statistique des Pannes du R\'eseau HTA}},
	Year = {2012}}

@article{benavidesetal12,
	Author = {R. Benavides-Piccione and I. Fernaud-Espinosa and V. Robles and R. Yuste and J. DeFelipe},
	Date-Added = {2013-02-10 11:23:11 +0100},
	Date-Modified = {2013-05-15 16:23:55 +0200},
  Number = {8},
	Pages = {1798-1810},
	Volume = {23},
	Journal = {Cerebral Cortex},
	Title = {Age-Based Comparison of Human Dendritic Spine Structure Using Complete Three-Dimensional Reconstructions},
	Year = {2012},
	Bdsk-Url-1 = {http://dx.doi.org/10.1093/cercor/bhs154}}

@article{breitbach12,
	Author = {N. Breitbach and K. B\"ohning-Gaese and I. Laube and M. Schleuning},
	Date-Added = {2013-02-10 11:18:03 +0100},
	Date-Modified = {2013-05-15 16:24:21 +0200},
	Journal = {Journal of Ecology},
	Number = {6},
	Pages = {1349-1358},
	Title = {Short Seed-Dispersal Distances and Low Seedling Recruitment in Farmland Populations of Bird-Dispersed Cherry Trees},
	Volume = {100},
	Year = {2012}}

@article{meheustetal12,
	Author = {D. M\'eheust and P. Le Cann and T. Reponen and J. Wakefield and S. Vesper},
	Date-Added = {2013-02-10 11:10:54 +0100},
	Date-Modified = {2013-05-15 16:24:39 +0200},
	Journal = {International Journal of Hygiene and Environmental Health},
	Number = {{3}},
	Pages = {{333-340}},
	Title = {{Possible Application of the Environmental Relative Moldiness Index in France: a Pilot Study in Brittany}},
	Volume = {{216}},
	Year = {2012}}

@article{varoetal12,
	Author = {J.P. Gonz\'alez-Varo and J.V. L\'opez-Bao and J. Guiti\'an},
	Date-Added = {2013-02-10 11:03:06 +0100},
	Date-Modified = {2013-05-15 16:24:57 +0200},
  Volume = {{82}},
	Pages = {{562-571}},
	Journal = {Journal of Animal Ecology},
	Title = {Functional Diversity Among Seed Dispersal Kernels Generated by Carnivorous Mammals},
	Year = {2012},
	Bdsk-Url-1 = {http://dx.doi.org/10.1111/1365-2656.12024}}

@article{telloetal12,
	Author = {A. Tello and B. Austin and T.C. Telfer},
	Date-Added = {2013-02-10 10:57:51 +0100},
	Date-Modified = {2013-05-15 16:25:16 +0200},
	Journal = {Environmental Health Perspectives},
	Number = {8},
	Pages = {1100-1106},
	Title = {Selective Pressure of Antibiotic Pollution on Bacteria of Importance to Public Health},
	Volume = {120},
	Year = {2012}}

@article{orellanoetal12,
	Author = {P.W. Orellano and J.I. Reynoso and A. Grassi and A. Palmieri and O. Uez and O. Carlino},
	Date-Added = {2013-02-10 10:51:38 +0100},
	Date-Modified = {2013-05-15 16:25:38 +0200},
	Journal = {Iranian Journal of Public Health},
	Number = {12},
	Pages = {26-29},
	Title = {{Estimation of the Serial Interval for Pandemic Influenza (pH1N1) in the Most Southern Province of Argentina}},
	Volume = {41},
	Year = {2012}}

@unpublished{pouillotetal11,
	Author = {R. Pouillot and M.L. Delignette-Muller and M. Cornu},
	Date-Added = {2013-02-10 09:42:22 +0100},
	Date-Modified = {2013-05-15 16:49:50 +0200},
	Title = {{Case study: \emph{L. monocytogenes} in Cold-Smoked Salmon}},
	Url = {http://CRAN.R-project.org/web/packages/mc2d/vignettes/mc2dLmEnglish.pdf},
	Year = {2011},
	Bdsk-Url-1 = {http://cran.r-project.org/web/packages/mc2d/vignettes/mc2dLmEnglish.pdf}}

@article{luangkesornetal12,
	Author = {K.L. Luangkesorn and B.A. Norman and Y. Zhuang and M. Falbo and J. Sysko},
	Date-Added = {2013-02-10 09:29:42 +0100},
	Date-Modified = {2013-05-15 16:25:55 +0200},
	Journal = {Interfaces},
	Number = {4},
	Pages = {406-409},
	Title = {{Practice Summaries: Designing Disease Prevention and Screening Centers in Abu Dhabi}},
	Volume = {42},
	Year = {2012}}

@article{tarnczi11,
	Author = {T. Tarnczi and V. Fenyves and Z. Bcs},
	Date-Added = {2013-02-10 09:26:15 +0100},
	Date-Modified = {2013-05-15 16:22:41 +0200},
	Journal = {International Journal of Management Cases},
	Number = {3},
	Pages = {159-167},
	Title = {The Business Uncertainty and Variability Management with Real Options Models Combined two Dimensional Simulation},
	Volume = {13},
	Year = {2011}}

@article{suuronenetal12,
	Author = {J.P. Suuronen and A. Kallonen and M. Eik and J. Puttonen and Ritva Serimaa and Heiko Herrmann},
	Date-Modified = {2013-05-15 16:26:28 +0200},
	Journal = {Journal of Materials Science},
	Number = {3},
	Pages = {1358--1367},
	Title = {Analysis of Short Fibres Orientation in Steel Fibre-Reinforced Concrete (SFRC) by X-ray Tomography},
	Volume = {48},
	Year = {2012}}

@article{scholletal12,
	Author = {C.F. Scholl and C.C. Nice and J.A. Fordyce and Z. Gompert and M.L. Forister},
	Date-Added = {2012-11-07 22:56:30 +0100},
	Date-Modified = {2013-05-15 16:26:46 +0200},
	Journal = {International Journal of Ecology},
	Title = {Larval Performance in the Context of Ecological Diversification and Speciation in Lycaeides Butterflies},
  Number = {ID 242154},
	Pages = {1-13},
	Volume = {2012},
	Year = {2012},
	Bdsk-Url-1 = {http://dx.doi.org/10.1155/2012/242154}}

@article{saketal11,
	Author = {H. Sak and C. Haksoz},
	Date-Added = {2012-11-07 22:53:37 +0100},
	Date-Modified = {2013-05-15 16:22:57 +0200},
	Journal = {Journal of Operational Risk},
	Number = {3},
	Pages = {15-38},
	Title = {A Copula-based Simulation Model for Supply Portfolio Risk},
	Volume = {6},
	Year = {2011}}

@mastersthesis{rosa12,
	Author = {A. S. Rosa},
	Date-Added = {2012-11-07 22:44:37 +0100},
	Date-Modified = {2013-05-15 16:33:40 +0200},
	School = {Universidade Federal de Santa Maria},
	Title = {Fun\c{c}\~{o}es de Predi\c{c}\~{a}o Espacial de Propriedades do Solo},
	Year = {2012}}

@article{poulliotetal12,
	Author = {R. Pouillot and K. Hoelzer and Y. Chen and S. Dennis},
	Date-Added = {2012-11-07 22:41:36 +0100},
	Date-Modified = {2013-05-15 16:27:28 +0200},
	Journal = {Food Control},
	Keywords = {cited in page 7 for MLE censored fit},
	Number = {2},
	Pages = {350-357},
	Title = {{Estimating Probability Distributions of Bacterial Concentrations in Food Based on Data Generated Using the Most Probable Number (MPN) Method for Use in Risk Assessment}},
	Volume = {29},
	Year = {2012}}

@article{marquetouxetal12,
	Author = {N. Marquetoux and M. Paul and S. Wongnarkpet and C. Poolkhet and W. Thanapongtham and F. Roger and C. Ducrot and K. Chalvet-Monfray},
	Date-Added = {2012-11-07 22:37:48 +0100},
	Date-Modified = {2013-05-15 16:27:56 +0200},
	Journal = {Preventive Veterinary Medicine},
	Number = {2},
	Pages = {143-151},
	Title = {{Estimating Spatial and Temporal Variations of the Reproduction Number for Highly Pathogenic Avian Influenza H5N1 Epidemic in Thailand}},
	Volume = {106},
	Year = {2012}}

@article{lehaetal11,
	Author = {A. Leha and T. Beissbarth and K. Jung},
	Date-Added = {2012-11-07 22:34:24 +0100},
	Date-Modified = {2013-05-15 16:23:17 +0200},
	Journal = {BMC Bioinformatics},
	Number = {127},
	Pages = {1-14},
	Title = {{Sequential Interim Analyses of Survival Data in {DNA} Microarray Experiments}},
	Volume = {12},
	Year = {2011}}

@article{kochetal12,
	Author = {F.H. Koch and D. Yemshanov and R.D. Magarey and W.D. Smith},
	Date-Added = {2012-11-07 22:28:27 +0100},
	Date-Modified = {2013-03-06 21:49:35 +0100},
	Journal = {Journal of Economic Entomology},
	Number = {2},
	Pages = {438-450},
	Title = {Dispersal of Invasive Forest Insects via Recreational Firewood: a Quantitative Analysis},
	Volume = {105},
	Year = {2012}}

@article{hoelzeretal12,
	Author = {K. Hoelzer and R. Pouillot and D. Gallagher and M.B. Silverman and J. Kause and S. Dennis},
	Date-Added = {2012-11-07 22:19:27 +0100},
	Date-Modified = {2013-05-15 16:28:30 +0200},
	Journal = {International Journal of Food Microbiology},
	Number = {2},
	Pages = {267-277},
	Title = {{Estimation of \emph{Listeria Monocytogenes} Transfer Coefficients and Efficacy of Bacterial Removal Through Cleaning and Sanitation}},
	Volume = {157},
	Year = {2012}}

@article{jongenburgeretal12,
	Author = {I. Jongenburger and M.W. Reij and E.P.J. Boer and M.H. Zwietering and L.G.M. Gorris},
	Date-Added = {2012-11-07 22:16:14 +0100},
	Date-Modified = {2013-05-15 16:28:56 +0200},
	Journal = {International Journal of Food Microbiology},
	Number = {1},
	Pages = {35-44},
	Title = {Modelling Homogeneous and Heterogeneous Microbial Contaminations in a Powdered Food Product},
	Volume = {157},
	Year = {2012}}

@article{jaloustreetal11,
	Author = {S. Jaloustre and M. Cornu and E. Morelli and V. Noel and M.L. Delignette-Muller},
	Date-Added = {2012-11-07 22:11:48 +0100},
	Date-Modified = {2013-05-15 16:23:33 +0200},
	Journal = {Food microbiology},
	Number = {2},
	Pages = {311-320},
	Title = {{Bayesian Modeling of \emph{Clostridium perfringens} Growth in Beef-in-Sauce Products}},
	Volume = {28},
	Year = {2011}}

@article{fusteinercostafreda12,
	Author = {C.H.Y. Fu and H. Steiner and S.G. Costafreda},
	Date-Added = {2012-11-07 22:05:23 +0100},
	Date-Modified = {2013-05-15 16:29:33 +0200},
	Journal = {Neurobiology of Disease},
	Pages = {75-83},
	Title = {Predictive Neural Biomarkers of Clinical Response in Depression: A Meta-Analysis of Functional and Structural Neuroimaging Studies of Pharmacological and Psychological Therapies},
	Volume = {52},
	Year = {2012}}

@article{eling12,
	Author = {M. Eling},
	Date-Added = {2012-10-08 23:04:08 +0200},
	Date-Modified = {2013-05-15 16:29:53 +0200},
	Journal = {Insurance: Mathematics and Economics},
	Number = {2},
	Pages = {239-248},
	Title = {{Fitting Insurance Claims to Skewed Distributions: Are the Skew-normal and the Skew-student Good Models?}},
	Volume = {51},
	Year = {2012}}

@inproceedings{eikhermann12,
	Author = {M. Eik and H. Herrmann},
	Booktitle = {the Estonian Academy of Sciences},
	Date-Added = {2012-10-08 23:00:46 +0200},
	Date-Modified = {2013-05-15 16:31:55 +0200},
	Number = {2},
	Pages = {128-136},
	Title = {Raytraced Images for Testing the Reconstruction of Fibre Orientation Distributions},
	Volume = {61},
	Year = {2012}}

@article{croucheretal12,
	Author = {N. J. Croucher and S. R. Harris and L. Barquist and J. Parkhill and S. D. Bentley},
	Date-Added = {2012-10-08 22:56:37 +0200},
	Date-Modified = {2013-03-06 21:51:01 +0100},
	Journal = {PLoS Pathogens},
	Number = {6},
	Pages = {e1002745},
	Title = {A High-Resolution View of Genome-Wide Pneumococcal Transformation},
	Volume = {8},
	Year = {2012}}

@article{commeauetal12,
	Author = {N. Commeau and E. Parent and M.-L. Delignette-Muller and M. Cornu},
	Date-Added = {2012-10-08 22:53:49 +0200},
	Date-Modified = {2013-05-15 16:30:14 +0200},
	Journal = {International Journal of Food Microbiology},
	Pages = {146-152},
	Title = {Fitting a Lognormal Distribution to Enumeration and Absence/Presence Data},
	Volume = {155},
	Year = {2012}}

@article{busschaertetal10,
	Author = {P. Busschaert and A.H. Geeraerd and M. Uyttendaele and J.F. VanImpe},
	Date-Added = {2012-10-08 22:48:29 +0200},
	Date-Modified = {2013-05-15 16:22:08 +0200},
	Journal = {International Journal of Food Microbiology},
	Pages = {260-269},
	Title = {Estimating Distributions out of Qualitative and (Semi)Quantitative Microbiological Contamination Data for Use in Risk Assessment},
	Volume = {138},
	Year = {2010}}

@inproceedings{brooksetal11,
	Author = {J.P. Brooks and D.J. Edwards and T.P. Sorrell and S. Srinivasan and R.L. Diehl},
	Booktitle = {the 2011 Winter Simulation Conference},
	Date-Added = {2012-10-08 22:43:23 +0200},
	Date-Modified = {2013-03-06 21:51:21 +0100},
	Pages = {1770-1777},
	Title = {Simulating Calls for Service for an Urban Police Department},
	Year = {2011}}

@article{bagariaetal12,
	Author = {A. Bagaria and V. Jaravine and Y.J. Huang and G.T. Montelione and P. G\"untert},
	Date-Added = {2012-10-08 22:39:34 +0200},
	Date-Modified = {2013-05-15 16:30:38 +0200},
	Journal = {Protein Science},
	Number = {2},
	Pages = {229-238},
	Title = {Protein Structure Validation by Generalized Linear Model Root-Mean-Square Deviation Prediction},
	Volume = {21},
	Year = {2012}}

@article{anandetal12,
	Author = {P. Anand and K. Yeturu and N. Chandra},
	Date-Added = {2012-10-08 22:27:41 +0200},
	Date-Modified = {2013-05-15 16:30:52 +0200},
	Journal = {Nucleic Acids Research},
	Pages = {1-9},
	Title = {PocketAnnotate: Towards Site-Based Function Annotation},
	Volume = {40},
	Year = {2012}}

@mastersthesis{aktassjostrand11,
	Author = {\"O. Akta\c{s} and M. Sj\"ostrand},
	Date-Added = {2012-10-08 22:22:14 +0200},
	Date-Modified = {2013-05-15 16:32:16 +0200},
	Rating = {5},
	School = {School of Information Science, Computer and Electrical Engineering, Halmstad University},
	Title = {Cornish-Fisher Expansion and Value-at-Risk Method in Application to Risk Management of Large Portfolios},
	Year = {2011}}
